%YAML 1.1
%TAG !u! tag:unity3d.com,2011:
--- !u!114 &4659319632190526481
MonoBehaviour:
  m_ObjectHideFlags: 0
  m_CorrespondingSourceObject: {fileID: 0}
  m_PrefabInstance: {fileID: 0}
  m_PrefabAsset: {fileID: 0}
  m_GameObject: {fileID: 5456171787239009636}
  m_Enabled: 1
  m_EditorHideFlags: 0
  m_Script: {fileID: 11500000, guid: 36f54b488dbe09c4e8268b5a381890ba, type: 3}
  m_Name: 
  m_EditorClassIdentifier: 
--- !u!1 &9209554209062974012
GameObject:
  m_ObjectHideFlags: 0
  m_CorrespondingSourceObject: {fileID: 0}
  m_PrefabInstance: {fileID: 0}
  m_PrefabAsset: {fileID: 0}
  serializedVersion: 6
  m_Component:
  - component: {fileID: 875024866025052257}
  m_Layer: 0
  m_Name: PersistentObjects
  m_TagString: Untagged
  m_Icon: {fileID: 0}
  m_NavMeshLayer: 0
  m_StaticEditorFlags: 0
  m_IsActive: 1
--- !u!4 &875024866025052257
Transform:
  m_ObjectHideFlags: 0
  m_CorrespondingSourceObject: {fileID: 0}
  m_PrefabInstance: {fileID: 0}
  m_PrefabAsset: {fileID: 0}
  m_GameObject: {fileID: 9209554209062974012}
  m_LocalRotation: {x: 0, y: 0, z: 0, w: 1}
  m_LocalPosition: {x: 0, y: 0, z: 0}
  m_LocalScale: {x: 1, y: 1, z: 1}
  m_Children:
  - {fileID: 5791710538847576655}
  - {fileID: 6702346713444525702}
  m_Father: {fileID: 0}
  m_RootOrder: 0
  m_LocalEulerAnglesHint: {x: 0, y: 0, z: 0}
--- !u!1001 &2440618917566973003
PrefabInstance:
  m_ObjectHideFlags: 0
  serializedVersion: 2
  m_Modification:
    m_TransformParent: {fileID: 875024866025052257}
    m_Modifications:
    - target: {fileID: 7667069043770009903, guid: e7b5c13c3cc1fee4b87f1a8c7890e88e,
        type: 3}
      propertyPath: m_Name
      value: SavingSystem
      objectReference: {fileID: 0}
    - target: {fileID: 8997441270338265805, guid: e7b5c13c3cc1fee4b87f1a8c7890e88e,
        type: 3}
      propertyPath: m_LocalPosition.x
      value: 0
      objectReference: {fileID: 0}
    - target: {fileID: 8997441270338265805, guid: e7b5c13c3cc1fee4b87f1a8c7890e88e,
        type: 3}
      propertyPath: m_LocalPosition.y
      value: 0
      objectReference: {fileID: 0}
    - target: {fileID: 8997441270338265805, guid: e7b5c13c3cc1fee4b87f1a8c7890e88e,
        type: 3}
      propertyPath: m_LocalPosition.z
      value: 0
      objectReference: {fileID: 0}
    - target: {fileID: 8997441270338265805, guid: e7b5c13c3cc1fee4b87f1a8c7890e88e,
        type: 3}
      propertyPath: m_LocalRotation.x
      value: 0
      objectReference: {fileID: 0}
    - target: {fileID: 8997441270338265805, guid: e7b5c13c3cc1fee4b87f1a8c7890e88e,
        type: 3}
      propertyPath: m_LocalRotation.y
      value: 0
      objectReference: {fileID: 0}
    - target: {fileID: 8997441270338265805, guid: e7b5c13c3cc1fee4b87f1a8c7890e88e,
        type: 3}
      propertyPath: m_LocalRotation.z
      value: 0
      objectReference: {fileID: 0}
    - target: {fileID: 8997441270338265805, guid: e7b5c13c3cc1fee4b87f1a8c7890e88e,
        type: 3}
      propertyPath: m_LocalRotation.w
      value: 1
      objectReference: {fileID: 0}
    - target: {fileID: 8997441270338265805, guid: e7b5c13c3cc1fee4b87f1a8c7890e88e,
        type: 3}
      propertyPath: m_RootOrder
      value: 1
      objectReference: {fileID: 0}
    - target: {fileID: 8997441270338265805, guid: e7b5c13c3cc1fee4b87f1a8c7890e88e,
        type: 3}
      propertyPath: m_LocalEulerAnglesHint.x
      value: 0
      objectReference: {fileID: 0}
    - target: {fileID: 8997441270338265805, guid: e7b5c13c3cc1fee4b87f1a8c7890e88e,
        type: 3}
      propertyPath: m_LocalEulerAnglesHint.y
      value: 0
      objectReference: {fileID: 0}
    - target: {fileID: 8997441270338265805, guid: e7b5c13c3cc1fee4b87f1a8c7890e88e,
        type: 3}
      propertyPath: m_LocalEulerAnglesHint.z
      value: 0
      objectReference: {fileID: 0}
    m_RemovedComponents:
    - {fileID: 4509178043126645843, guid: e7b5c13c3cc1fee4b87f1a8c7890e88e, type: 3}
  m_SourcePrefab: {fileID: 100100000, guid: e7b5c13c3cc1fee4b87f1a8c7890e88e, type: 3}
--- !u!1 &5456171787239009636 stripped
GameObject:
  m_CorrespondingSourceObject: {fileID: 7667069043770009903, guid: e7b5c13c3cc1fee4b87f1a8c7890e88e,
    type: 3}
  m_PrefabInstance: {fileID: 2440618917566973003}
  m_PrefabAsset: {fileID: 0}
--- !u!4 &6702346713444525702 stripped
Transform:
  m_CorrespondingSourceObject: {fileID: 8997441270338265805, guid: e7b5c13c3cc1fee4b87f1a8c7890e88e,
    type: 3}
  m_PrefabInstance: {fileID: 2440618917566973003}
  m_PrefabAsset: {fileID: 0}
--- !u!1001 &4219468618779673795
PrefabInstance:
  m_ObjectHideFlags: 0
  serializedVersion: 2
  m_Modification:
    m_TransformParent: {fileID: 875024866025052257}
    m_Modifications:
    - target: {fileID: 7705336079651448460, guid: 3318c2107f6fc7e41a5f667f8a807b0a,
        type: 3}
      propertyPath: m_LocalPosition.x
      value: 0
      objectReference: {fileID: 0}
    - target: {fileID: 7705336079651448460, guid: 3318c2107f6fc7e41a5f667f8a807b0a,
        type: 3}
      propertyPath: m_LocalPosition.y
      value: 0
      objectReference: {fileID: 0}
    - target: {fileID: 7705336079651448460, guid: 3318c2107f6fc7e41a5f667f8a807b0a,
        type: 3}
      propertyPath: m_LocalPosition.z
      value: 0
      objectReference: {fileID: 0}
    - target: {fileID: 7705336079651448460, guid: 3318c2107f6fc7e41a5f667f8a807b0a,
        type: 3}
      propertyPath: m_LocalRotation.x
      value: 0
      objectReference: {fileID: 0}
    - target: {fileID: 7705336079651448460, guid: 3318c2107f6fc7e41a5f667f8a807b0a,
        type: 3}
      propertyPath: m_LocalRotation.y
      value: 0
      objectReference: {fileID: 0}
    - target: {fileID: 7705336079651448460, guid: 3318c2107f6fc7e41a5f667f8a807b0a,
        type: 3}
      propertyPath: m_LocalRotation.z
      value: 0
      objectReference: {fileID: 0}
    - target: {fileID: 7705336079651448460, guid: 3318c2107f6fc7e41a5f667f8a807b0a,
        type: 3}
      propertyPath: m_LocalRotation.w
      value: 1
      objectReference: {fileID: 0}
    - target: {fileID: 7705336079651448460, guid: 3318c2107f6fc7e41a5f667f8a807b0a,
        type: 3}
      propertyPath: m_RootOrder
      value: 0
      objectReference: {fileID: 0}
    - target: {fileID: 7705336079651448460, guid: 3318c2107f6fc7e41a5f667f8a807b0a,
        type: 3}
      propertyPath: m_LocalEulerAnglesHint.x
      value: 0
      objectReference: {fileID: 0}
    - target: {fileID: 7705336079651448460, guid: 3318c2107f6fc7e41a5f667f8a807b0a,
        type: 3}
      propertyPath: m_LocalEulerAnglesHint.y
      value: 0
      objectReference: {fileID: 0}
    - target: {fileID: 7705336079651448460, guid: 3318c2107f6fc7e41a5f667f8a807b0a,
        type: 3}
      propertyPath: m_LocalEulerAnglesHint.z
      value: 0
      objectReference: {fileID: 0}
    - target: {fileID: 7705336079651448460, guid: 3318c2107f6fc7e41a5f667f8a807b0a,
        type: 3}
      propertyPath: m_AnchoredPosition.x
      value: 0
      objectReference: {fileID: 0}
    - target: {fileID: 7705336079651448460, guid: 3318c2107f6fc7e41a5f667f8a807b0a,
        type: 3}
      propertyPath: m_AnchoredPosition.y
      value: 0
      objectReference: {fileID: 0}
    - target: {fileID: 7705336079651448460, guid: 3318c2107f6fc7e41a5f667f8a807b0a,
        type: 3}
      propertyPath: m_SizeDelta.x
      value: 0
      objectReference: {fileID: 0}
    - target: {fileID: 7705336079651448460, guid: 3318c2107f6fc7e41a5f667f8a807b0a,
        type: 3}
      propertyPath: m_SizeDelta.y
      value: 0
      objectReference: {fileID: 0}
    - target: {fileID: 7705336079651448460, guid: 3318c2107f6fc7e41a5f667f8a807b0a,
        type: 3}
      propertyPath: m_AnchorMin.x
      value: 0
      objectReference: {fileID: 0}
    - target: {fileID: 7705336079651448460, guid: 3318c2107f6fc7e41a5f667f8a807b0a,
        type: 3}
      propertyPath: m_AnchorMin.y
      value: 0
      objectReference: {fileID: 0}
    - target: {fileID: 7705336079651448460, guid: 3318c2107f6fc7e41a5f667f8a807b0a,
        type: 3}
      propertyPath: m_AnchorMax.x
      value: 0
      objectReference: {fileID: 0}
    - target: {fileID: 7705336079651448460, guid: 3318c2107f6fc7e41a5f667f8a807b0a,
        type: 3}
      propertyPath: m_AnchorMax.y
      value: 0
      objectReference: {fileID: 0}
    - target: {fileID: 7705336079651448460, guid: 3318c2107f6fc7e41a5f667f8a807b0a,
        type: 3}
      propertyPath: m_Pivot.x
      value: 0
      objectReference: {fileID: 0}
    - target: {fileID: 7705336079651448460, guid: 3318c2107f6fc7e41a5f667f8a807b0a,
        type: 3}
      propertyPath: m_Pivot.y
      value: 0
      objectReference: {fileID: 0}
    - target: {fileID: 7705336079651448461, guid: 3318c2107f6fc7e41a5f667f8a807b0a,
        type: 3}
      propertyPath: m_Name
      value: Fader
      objectReference: {fileID: 0}
    m_RemovedComponents: []
  m_SourcePrefab: {fileID: 100100000, guid: 3318c2107f6fc7e41a5f667f8a807b0a, type: 3}
--- !u!224 &5791710538847576655 stripped
RectTransform:
  m_CorrespondingSourceObject: {fileID: 7705336079651448460, guid: 3318c2107f6fc7e41a5f667f8a807b0a,
    type: 3}
  m_PrefabInstance: {fileID: 4219468618779673795}
  m_PrefabAsset: {fileID: 0}
